<marc:collection xmlns:marc="http://www.loc.gov/MARC21/slim" xmlns:xsi="http://www.w3.org/2001/XMLSchema-instance" xsi:schemaLocation="http://www.loc.gov/MARC21/slim http://www.loc.gov/standards/marcxml/schema/MARC21slim.xsd">
    <marc:record type="Bibliographic">
        <marc:leader>03102cem a22005897  4500</marc:leader>
        <marc:controlfield tag="001">4953019</marc:controlfield>
        <marc:controlfield tag="005">20121009115426.0</marc:controlfield>
        <marc:controlfield tag="007">aj canzn</marc:controlfield>
        <marc:controlfield tag="008">991119m19021906gw ag     a     0   ger d</marc:controlfield>
        <marc:datafield tag="035" ind1=" " ind2=" ">
            <marc:subfield code="a">(OCoLC)76955227</marc:subfield>
        </marc:datafield>
        <marc:datafield tag="035" ind1=" " ind2=" ">
            <marc:subfield code="a">(NIC)5102006</marc:subfield>
        </marc:datafield>
        <marc:datafield tag="035" ind1=" " ind2=" ">
            <marc:subfield code="a">(CStRLIN)NYCXV5102006-M</marc:subfield>
        </marc:datafield>
        <marc:datafield tag="040" ind1=" " ind2=" ">
            <marc:subfield code="a">PUL</marc:subfield>
            <marc:subfield code="c">PUL</marc:subfield>
            <marc:subfield code="d">OCL</marc:subfield>
            <marc:subfield code="d">OCLCQ</marc:subfield>
            <marc:subfield code="d">NIC</marc:subfield>
            <marc:subfield code="d">NjP</marc:subfield>
        </marc:datafield>
        <marc:datafield tag="043" ind1=" " ind2=" ">
            <marc:subfield code="a">tu-----</marc:subfield>
        </marc:datafield>
        <marc:datafield tag="090" ind1=" " ind2=" ">
            <marc:subfield code="a">G7430 s400</marc:subfield>
            <marc:subfield code="b">.K5</marc:subfield>
        </marc:datafield>
        <marc:datafield tag="100" ind1="1" ind2=" ">
            <marc:subfield code="a">Kiepert, Richard,</marc:subfield>
            <marc:subfield code="d">1846-1915.</marc:subfield>
        </marc:datafield>
        <marc:datafield tag="245" ind1="1" ind2="0">
            <marc:subfield code="a">Karte von Kleinasien</marc:subfield>
            <marc:subfield code="b">meist nach noch nicht oder in kleinstem Massstabe veröffentlichen Aufnahmen</marc:subfield>
            <marc:subfield code="h">[map] /</marc:subfield>
            <marc:subfield code="c">in 24 Blatt bearbeitet von Richard Kiepert.</marc:subfield>
        </marc:datafield>
        <marc:datafield tag="255" ind1=" " ind2=" ">
            <marc:subfield code="a">Scale 1:400,000.</marc:subfield>
        </marc:datafield>
        <marc:datafield tag="260" ind1=" " ind2=" ">
            <marc:subfield code="a">Berlin :</marc:subfield>
            <marc:subfield code="b">Dietrich Reimer (Ernst Vohsen),</marc:subfield>
            <marc:subfield code="c">1902-1906.</marc:subfield>
        </marc:datafield>
        <marc:datafield tag="300" ind1=" " ind2=" ">
            <marc:subfield code="a">1 map on 24 sheets :</marc:subfield>
            <marc:subfield code="b">col., mounted on linen ;</marc:subfield>
            <marc:subfield code="c">each 46 x 60 cm.</marc:subfield>
        </marc:datafield>
        <marc:datafield tag="500" ind1=" " ind2=" ">
            <marc:subfield code="a">Relief shown by contours and spot heights.</marc:subfield>
        </marc:datafield>
        <marc:datafield tag="500" ind1=" " ind2=" ">
            <marc:subfield code="a">Historic Maps copy of sheet D2 has imprint date: 1905.</marc:subfield>
            <marc:subfield code="5">NjP</marc:subfield>
        </marc:datafield>
        <marc:datafield tag="541" ind1=" " ind2=" ">
            <marc:subfield code="a">Historic Maps copy of sheet D2 is gift of Mrs. Dumont Clarke.</marc:subfield>
            <marc:subfield code="5">NjP</marc:subfield>
        </marc:datafield>
        <marc:datafield tag="651" ind1=" " ind2="0">
            <marc:subfield code="a">Turkey</marc:subfield>
            <marc:subfield code="v">Maps.</marc:subfield>
        </marc:datafield>
        <marc:datafield tag="655" ind1=" " ind2="7">
            <marc:subfield code="a">Maps</marc:subfield>
            <marc:subfield code="z">Turkey</marc:subfield>
            <marc:subfield code="y">1906.</marc:subfield>
            <marc:subfield code="2">aat</marc:subfield>
        </marc:datafield>
        <marc:datafield tag="700" ind1="1" ind2=" ">
            <marc:subfield code="a">Clarke, Dumont,</marc:subfield>
            <marc:subfield code="c">Mrs.,</marc:subfield>
            <marc:subfield code="e">donor.</marc:subfield>
            <marc:subfield code="5">NjP</marc:subfield>
        </marc:datafield>
        <marc:datafield tag="856" ind1="4" ind2="1">
            <marc:subfield code="z">See Sheet AI: Titelblatt</marc:subfield>
            <marc:subfield code="u">http://gisserver.princeton.edu/map/7091</marc:subfield>
        </marc:datafield>
        <marc:datafield tag="856" ind1="4" ind2="1">
            <marc:subfield code="z">See Sheet AII: Constantinopel</marc:subfield>
            <marc:subfield code="u">http://gisserver.princeton.edu/map/7092</marc:subfield>
        </marc:datafield>
        <marc:datafield tag="856" ind1="4" ind2="1">
            <marc:subfield code="z">See Sheet AIII: Zafaranboli</marc:subfield>
            <marc:subfield code="u">http://gisserver.princeton.edu/map/7093</marc:subfield>
        </marc:datafield>
        <marc:datafield tag="856" ind1="4" ind2="1">
            <marc:subfield code="z">See Sheet AIV: Sinob</marc:subfield>
            <marc:subfield code="u">http://gisserver.princeton.edu/map/7094</marc:subfield>
        </marc:datafield>
        <marc:datafield tag="856" ind1="4" ind2="1">
            <marc:subfield code="z">See Sheet AV: Unije</marc:subfield>
            <marc:subfield code="u">http://gisserver.princeton.edu/map/7095</marc:subfield>
        </marc:datafield>
        <marc:datafield tag="856" ind1="4" ind2="1">
            <marc:subfield code="z">See Sheet AVI: Tirabzon</marc:subfield>
            <marc:subfield code="u">http://gisserver.princeton.edu/map/7096</marc:subfield>
        </marc:datafield>
        <marc:datafield tag="856" ind1="4" ind2="1">
            <marc:subfield code="z">See Sheet BI: Aivalyk</marc:subfield>
            <marc:subfield code="u">http://gisserver.princeton.edu/map/7097</marc:subfield>
        </marc:datafield>
        <marc:datafield tag="856" ind1="4" ind2="1">
            <marc:subfield code="z">See Sheet BII: Brussa</marc:subfield>
            <marc:subfield code="u">http://gisserver.princeton.edu/map/7098</marc:subfield>
        </marc:datafield>
        <marc:datafield tag="856" ind1="4" ind2="1">
            <marc:subfield code="z">See Sheet BIII: Angora</marc:subfield>
            <marc:subfield code="u">http://gisserver.princeton.edu/map/7099</marc:subfield>
        </marc:datafield>
        <marc:datafield tag="856" ind1="4" ind2="1">
            <marc:subfield code="z">See Sheet BIV: Jozgad</marc:subfield>
            <marc:subfield code="u">http://gisserver.princeton.edu/map/7100</marc:subfield>
        </marc:datafield>
        <marc:datafield tag="856" ind1="4" ind2="1">
            <marc:subfield code="z">See Sheet BV: Sivas</marc:subfield>
            <marc:subfield code="u">http://gisserver.princeton.edu/map/7101</marc:subfield>
        </marc:datafield>
        <marc:datafield tag="856" ind1="4" ind2="1">
            <marc:subfield code="z">See Sheet BVI: Erzerum</marc:subfield>
            <marc:subfield code="u">http://gisserver.princeton.edu/map/7102</marc:subfield>
        </marc:datafield>
        <marc:datafield tag="856" ind1="4" ind2="1">
            <marc:subfield code="z">See Sheet CI: Smyrna</marc:subfield>
            <marc:subfield code="u">http://gisserver.princeton.edu/map/7103</marc:subfield>
        </marc:datafield>
        <marc:datafield tag="856" ind1="4" ind2="1">
            <marc:subfield code="z">See Sheet CII: Afium Karahisar</marc:subfield>
            <marc:subfield code="u">http://gisserver.princeton.edu/map/7104</marc:subfield>
        </marc:datafield>
        <marc:datafield tag="856" ind1="4" ind2="1">
            <marc:subfield code="z">See Sheet CIII: Konia</marc:subfield>
            <marc:subfield code="u">http://gisserver.princeton.edu/map/7105</marc:subfield>
        </marc:datafield>
        <marc:datafield tag="856" ind1="4" ind2="1">
            <marc:subfield code="z">See Sheet CIV: Kaisarije</marc:subfield>
            <marc:subfield code="u">http://gisserver.princeton.edu/map/7106</marc:subfield>
        </marc:datafield>
        <marc:datafield tag="856" ind1="4" ind2="1">
            <marc:subfield code="z">See Sheet CV: Malatja</marc:subfield>
            <marc:subfield code="u">http://gisserver.princeton.edu/map/7107</marc:subfield>
        </marc:datafield>
        <marc:datafield tag="856" ind1="4" ind2="1">
            <marc:subfield code="z">See Sheet CVI: Diarbekir</marc:subfield>
            <marc:subfield code="u">http://gisserver.princeton.edu/map/7108</marc:subfield>
        </marc:datafield>
        <marc:datafield tag="856" ind1="4" ind2="1">
            <marc:subfield code="z">See Sheet DI: Budrum</marc:subfield>
            <marc:subfield code="u">http://gisserver.princeton.edu/map/7109</marc:subfield>
        </marc:datafield>
        <marc:datafield tag="856" ind1="4" ind2="1">
            <marc:subfield code="z">See Sheet DII: Adalia</marc:subfield>
            <marc:subfield code="u">http://gisserver.princeton.edu/map/7110</marc:subfield>
        </marc:datafield>
        <marc:datafield tag="856" ind1="4" ind2="1">
            <marc:subfield code="z">See Sheet DIII: Ermenek</marc:subfield>
            <marc:subfield code="u">http://gisserver.princeton.edu/map/7111</marc:subfield>
        </marc:datafield>
        <marc:datafield tag="856" ind1="4" ind2="1">
            <marc:subfield code="z">See Sheet DIV: Adana</marc:subfield>
            <marc:subfield code="u">http://gisserver.princeton.edu/map/7112</marc:subfield>
        </marc:datafield>
        <marc:datafield tag="856" ind1="4" ind2="1">
            <marc:subfield code="z">See Sheet DV: Haleb</marc:subfield>
            <marc:subfield code="u">http://gisserver.princeton.edu/map/7113</marc:subfield>
        </marc:datafield>
        <marc:datafield tag="856" ind1="4" ind2="1">
            <marc:subfield code="z">See Sheet DVI: Nsebin</marc:subfield>
            <marc:subfield code="u">http://gisserver.princeton.edu/map/7114</marc:subfield>
        </marc:datafield>
        <marc:datafield tag="904" ind1=" " ind2=" ">
            <marc:subfield code="a">gls</marc:subfield>
            <marc:subfield code="b">g</marc:subfield>
            <marc:subfield code="h">m</marc:subfield>
            <marc:subfield code="c">p</marc:subfield>
            <marc:subfield code="e">20061206</marc:subfield>
        </marc:datafield>
        <marc:datafield tag="902" ind1=" " ind2=" ">
            <marc:subfield code="a">gls</marc:subfield>
            <marc:subfield code="b">m</marc:subfield>
            <marc:subfield code="6">e</marc:subfield>
            <marc:subfield code="7">m</marc:subfield>
            <marc:subfield code="d">v</marc:subfield>
            <marc:subfield code="f">1</marc:subfield>
            <marc:subfield code="e">20061206</marc:subfield>
        </marc:datafield>
    </marc:record>
    <marc:record type="Holdings">
        <marc:leader>00172nx  a22000851  4500</marc:leader>
        <marc:controlfield tag="001">5148519</marc:controlfield>
        <marc:controlfield tag="004">4953019</marc:controlfield>
        <marc:controlfield tag="005">20061206114454.0</marc:controlfield>
        <marc:controlfield tag="008">0612064u    8   1001uu   0901128</marc:controlfield>
        <marc:datafield tag="852" ind1="8" ind2=" ">
            <marc:subfield code="b">map</marc:subfield>
            <marc:subfield code="h">HMC01.2775</marc:subfield>
        </marc:datafield>
    </marc:record>
    <marc:record type="Holdings">
        <marc:leader>00172nx  a22000851  4500</marc:leader>
        <marc:controlfield tag="001">5156480</marc:controlfield>
        <marc:controlfield tag="004">4953019</marc:controlfield>
        <marc:controlfield tag="005">20061208100738.0</marc:controlfield>
        <marc:controlfield tag="008">0612084u    8   1001uu   0901128</marc:controlfield>
        <marc:datafield tag="852" ind1="8" ind2=" ">
            <marc:subfield code="b">map</marc:subfield>
            <marc:subfield code="h">HMC01.2776</marc:subfield>
        </marc:datafield>
    </marc:record>
    <marc:record type="Holdings">
        <marc:leader>00172nx  a22000851  4500</marc:leader>
        <marc:controlfield tag="001">5156488</marc:controlfield>
        <marc:controlfield tag="004">4953019</marc:controlfield>
        <marc:controlfield tag="005">20061208101146.0</marc:controlfield>
        <marc:controlfield tag="008">0612084u    8   1001uu   0901128</marc:controlfield>
        <marc:datafield tag="852" ind1="8" ind2=" ">
            <marc:subfield code="b">map</marc:subfield>
            <marc:subfield code="h">HMC01.2777</marc:subfield>
        </marc:datafield>
    </marc:record>
    <marc:record type="Holdings">
        <marc:leader>00172nx  a22000851  4500</marc:leader>
        <marc:controlfield tag="001">5156493</marc:controlfield>
        <marc:controlfield tag="004">4953019</marc:controlfield>
        <marc:controlfield tag="005">20061208101510.0</marc:controlfield>
        <marc:controlfield tag="008">0612084u    8   1001uu   0901128</marc:controlfield>
        <marc:datafield tag="852" ind1="8" ind2=" ">
            <marc:subfield code="b">map</marc:subfield>
            <marc:subfield code="h">HMC01.2778</marc:subfield>
        </marc:datafield>
    </marc:record>
    <marc:record type="Holdings">
        <marc:leader>00172nx  a22000851  4500</marc:leader>
        <marc:controlfield tag="001">5156504</marc:controlfield>
        <marc:controlfield tag="004">4953019</marc:controlfield>
        <marc:controlfield tag="005">20061208102041.0</marc:controlfield>
        <marc:controlfield tag="008">0612084u    8   1001uu   0901128</marc:controlfield>
        <marc:datafield tag="852" ind1="8" ind2=" ">
            <marc:subfield code="b">map</marc:subfield>
            <marc:subfield code="h">HMC01.2779</marc:subfield>
        </marc:datafield>
    </marc:record>
    <marc:record type="Holdings">
        <marc:leader>00172nx  a22000851  4500</marc:leader>
        <marc:controlfield tag="001">5156511</marc:controlfield>
        <marc:controlfield tag="004">4953019</marc:controlfield>
        <marc:controlfield tag="005">20061208102323.0</marc:controlfield>
        <marc:controlfield tag="008">0612084u    8   1001uu   0901128</marc:controlfield>
        <marc:datafield tag="852" ind1="8" ind2=" ">
            <marc:subfield code="b">map</marc:subfield>
            <marc:subfield code="h">HMC01.2780</marc:subfield>
        </marc:datafield>
    </marc:record>
    <marc:record type="Holdings">
        <marc:leader>00172nx  a22000851  4500</marc:leader>
        <marc:controlfield tag="001">5156517</marc:controlfield>
        <marc:controlfield tag="004">4953019</marc:controlfield>
        <marc:controlfield tag="005">20061208102600.0</marc:controlfield>
        <marc:controlfield tag="008">0612084u    8   1001uu   0901128</marc:controlfield>
        <marc:datafield tag="852" ind1="8" ind2=" ">
            <marc:subfield code="b">map</marc:subfield>
            <marc:subfield code="h">HMC01.2781</marc:subfield>
        </marc:datafield>
    </marc:record>
    <marc:record type="Holdings">
        <marc:leader>00172nx  a22000851  4500</marc:leader>
        <marc:controlfield tag="001">5156528</marc:controlfield>
        <marc:controlfield tag="004">4953019</marc:controlfield>
        <marc:controlfield tag="005">20061208102914.0</marc:controlfield>
        <marc:controlfield tag="008">0612084u    8   1001uu   0901128</marc:controlfield>
        <marc:datafield tag="852" ind1="8" ind2=" ">
            <marc:subfield code="b">map</marc:subfield>
            <marc:subfield code="h">HMC01.2782</marc:subfield>
        </marc:datafield>
    </marc:record>
    <marc:record type="Holdings">
        <marc:leader>00172nx  a22000851  4500</marc:leader>
        <marc:controlfield tag="001">5156537</marc:controlfield>
        <marc:controlfield tag="004">4953019</marc:controlfield>
        <marc:controlfield tag="005">20061208103206.0</marc:controlfield>
        <marc:controlfield tag="008">0612084u    8   1001uu   0901128</marc:controlfield>
        <marc:datafield tag="852" ind1="8" ind2=" ">
            <marc:subfield code="b">map</marc:subfield>
            <marc:subfield code="h">HMC01.2783</marc:subfield>
        </marc:datafield>
    </marc:record>
    <marc:record type="Holdings">
        <marc:leader>00172nx  a22000851  4500</marc:leader>
        <marc:controlfield tag="001">5156542</marc:controlfield>
        <marc:controlfield tag="004">4953019</marc:controlfield>
        <marc:controlfield tag="005">20061208103445.0</marc:controlfield>
        <marc:controlfield tag="008">0612084u    8   1001uu   0901128</marc:controlfield>
        <marc:datafield tag="852" ind1="8" ind2=" ">
            <marc:subfield code="b">map</marc:subfield>
            <marc:subfield code="h">HMC01.2784</marc:subfield>
        </marc:datafield>
    </marc:record>
    <marc:record type="Holdings">
        <marc:leader>00172nx  a22000851  4500</marc:leader>
        <marc:controlfield tag="001">5156548</marc:controlfield>
        <marc:controlfield tag="004">4953019</marc:controlfield>
        <marc:controlfield tag="005">20061208103858.0</marc:controlfield>
        <marc:controlfield tag="008">0612084u    8   1001uu   0901128</marc:controlfield>
        <marc:datafield tag="852" ind1="8" ind2=" ">
            <marc:subfield code="b">map</marc:subfield>
            <marc:subfield code="h">HMC01.2785</marc:subfield>
        </marc:datafield>
    </marc:record>
    <marc:record type="Holdings">
        <marc:leader>00172nx  a22000851  4500</marc:leader>
        <marc:controlfield tag="001">5156553</marc:controlfield>
        <marc:controlfield tag="004">4953019</marc:controlfield>
        <marc:controlfield tag="005">20061208104135.0</marc:controlfield>
        <marc:controlfield tag="008">0612084u    8   1001uu   0901128</marc:controlfield>
        <marc:datafield tag="852" ind1="8" ind2=" ">
            <marc:subfield code="b">map</marc:subfield>
            <marc:subfield code="h">HMC01.2786</marc:subfield>
        </marc:datafield>
    </marc:record>
    <marc:record type="Holdings">
        <marc:leader>00172nx  a22000851  4500</marc:leader>
        <marc:controlfield tag="001">5156558</marc:controlfield>
        <marc:controlfield tag="004">4953019</marc:controlfield>
        <marc:controlfield tag="005">20061208104438.0</marc:controlfield>
        <marc:controlfield tag="008">0612084u    8   1001uu   0901128</marc:controlfield>
        <marc:datafield tag="852" ind1="8" ind2=" ">
            <marc:subfield code="b">map</marc:subfield>
            <marc:subfield code="h">HMC01.2787</marc:subfield>
        </marc:datafield>
    </marc:record>
    <marc:record type="Holdings">
        <marc:leader>00172nx  a22000851  4500</marc:leader>
        <marc:controlfield tag="001">5156561</marc:controlfield>
        <marc:controlfield tag="004">4953019</marc:controlfield>
        <marc:controlfield tag="005">20061208104654.0</marc:controlfield>
        <marc:controlfield tag="008">0612084u    8   1001uu   0901128</marc:controlfield>
        <marc:datafield tag="852" ind1="8" ind2=" ">
            <marc:subfield code="b">map</marc:subfield>
            <marc:subfield code="h">HMC01.2788</marc:subfield>
        </marc:datafield>
    </marc:record>
    <marc:record type="Holdings">
        <marc:leader>00172nx  a22000851  4500</marc:leader>
        <marc:controlfield tag="001">5156563</marc:controlfield>
        <marc:controlfield tag="004">4953019</marc:controlfield>
        <marc:controlfield tag="005">20061208104914.0</marc:controlfield>
        <marc:controlfield tag="008">0612084u    8   1001uu   0901128</marc:controlfield>
        <marc:datafield tag="852" ind1="8" ind2=" ">
            <marc:subfield code="b">map</marc:subfield>
            <marc:subfield code="h">HMC01.2789</marc:subfield>
        </marc:datafield>
    </marc:record>
    <marc:record type="Holdings">
        <marc:leader>00172nx  a22000851  4500</marc:leader>
        <marc:controlfield tag="001">5156564</marc:controlfield>
        <marc:controlfield tag="004">4953019</marc:controlfield>
        <marc:controlfield tag="005">20061208105054.0</marc:controlfield>
        <marc:controlfield tag="008">0612084u    8   1001uu   0901128</marc:controlfield>
        <marc:datafield tag="852" ind1="8" ind2=" ">
            <marc:subfield code="b">map</marc:subfield>
            <marc:subfield code="h">HMC01.2790</marc:subfield>
        </marc:datafield>
    </marc:record>
    <marc:record type="Holdings">
        <marc:leader>00172nx  a22000851  4500</marc:leader>
        <marc:controlfield tag="001">5167884</marc:controlfield>
        <marc:controlfield tag="004">4953019</marc:controlfield>
        <marc:controlfield tag="005">20061215100731.0</marc:controlfield>
        <marc:controlfield tag="008">0612154u    8   1001uu   0901128</marc:controlfield>
        <marc:datafield tag="852" ind1="8" ind2=" ">
            <marc:subfield code="b">map</marc:subfield>
            <marc:subfield code="h">HMC01.2791</marc:subfield>
        </marc:datafield>
    </marc:record>
    <marc:record type="Holdings">
        <marc:leader>00172nx  a22000851  4500</marc:leader>
        <marc:controlfield tag="001">5167931</marc:controlfield>
        <marc:controlfield tag="004">4953019</marc:controlfield>
        <marc:controlfield tag="005">20061215101026.0</marc:controlfield>
        <marc:controlfield tag="008">0612154u    8   1001uu   0901128</marc:controlfield>
        <marc:datafield tag="852" ind1="8" ind2=" ">
            <marc:subfield code="b">map</marc:subfield>
            <marc:subfield code="h">HMC01.2792</marc:subfield>
        </marc:datafield>
    </marc:record>
    <marc:record type="Holdings">
        <marc:leader>00172nx  a22000851  4500</marc:leader>
        <marc:controlfield tag="001">5167981</marc:controlfield>
        <marc:controlfield tag="004">4953019</marc:controlfield>
        <marc:controlfield tag="005">20061215101407.0</marc:controlfield>
        <marc:controlfield tag="008">0612154u    8   1001uu   0901128</marc:controlfield>
        <marc:datafield tag="852" ind1="8" ind2=" ">
            <marc:subfield code="b">map</marc:subfield>
            <marc:subfield code="h">HMC01.2793</marc:subfield>
        </marc:datafield>
    </marc:record>
    <marc:record type="Holdings">
        <marc:leader>00172cx  a22000851  4500</marc:leader>
        <marc:controlfield tag="001">5167990</marc:controlfield>
        <marc:controlfield tag="004">4953019</marc:controlfield>
        <marc:controlfield tag="005">20070123093123.0</marc:controlfield>
        <marc:controlfield tag="008">0612154u    8   1001uu   0901128</marc:controlfield>
        <marc:datafield tag="852" ind1="8" ind2=" ">
            <marc:subfield code="b">map</marc:subfield>
            <marc:subfield code="h">HMC01.2794</marc:subfield>
        </marc:datafield>
    </marc:record>
    <marc:record type="Holdings">
        <marc:leader>00172nx  a22000851  4500</marc:leader>
        <marc:controlfield tag="001">5168020</marc:controlfield>
        <marc:controlfield tag="004">4953019</marc:controlfield>
        <marc:controlfield tag="005">20061215102226.0</marc:controlfield>
        <marc:controlfield tag="008">0612154u    8   1001uu   0901128</marc:controlfield>
        <marc:datafield tag="852" ind1="8" ind2=" ">
            <marc:subfield code="b">map</marc:subfield>
            <marc:subfield code="h">HMC01.2795</marc:subfield>
        </marc:datafield>
    </marc:record>
    <marc:record type="Holdings">
        <marc:leader>00172nx  a22000851  4500</marc:leader>
        <marc:controlfield tag="001">5168051</marc:controlfield>
        <marc:controlfield tag="004">4953019</marc:controlfield>
        <marc:controlfield tag="005">20061215102458.0</marc:controlfield>
        <marc:controlfield tag="008">0612154u    8   1001uu   0901128</marc:controlfield>
        <marc:datafield tag="852" ind1="8" ind2=" ">
            <marc:subfield code="b">map</marc:subfield>
            <marc:subfield code="h">HMC01.2796</marc:subfield>
        </marc:datafield>
    </marc:record>
    <marc:record type="Holdings">
        <marc:leader>00172nx  a22000851  4500</marc:leader>
        <marc:controlfield tag="001">5168089</marc:controlfield>
        <marc:controlfield tag="004">4953019</marc:controlfield>
        <marc:controlfield tag="005">20061215102704.0</marc:controlfield>
        <marc:controlfield tag="008">0612154u    8   1001uu   0901128</marc:controlfield>
        <marc:datafield tag="852" ind1="8" ind2=" ">
            <marc:subfield code="b">map</marc:subfield>
            <marc:subfield code="h">HMC01.2797</marc:subfield>
        </marc:datafield>
    </marc:record>
    <marc:record type="Holdings">
        <marc:leader>00172nx  a22000851  4500</marc:leader>
        <marc:controlfield tag="001">5168120</marc:controlfield>
        <marc:controlfield tag="004">4953019</marc:controlfield>
        <marc:controlfield tag="005">20061215102906.0</marc:controlfield>
        <marc:controlfield tag="008">0612154u    8   1001uu   0901128</marc:controlfield>
        <marc:datafield tag="852" ind1="8" ind2=" ">
            <marc:subfield code="b">map</marc:subfield>
            <marc:subfield code="h">HMC01.2798</marc:subfield>
        </marc:datafield>
    </marc:record>
    <marc:record type="Holdings">
        <marc:leader>00182nx  a22000854  4500</marc:leader>
        <marc:controlfield tag="001">7324563</marc:controlfield>
        <marc:controlfield tag="004">4953019</marc:controlfield>
        <marc:controlfield tag="005">20130514135034.0</marc:controlfield>
        <marc:controlfield tag="008">1305144u    8   1001uu   0901128</marc:controlfield>
        <marc:datafield tag="852" ind1="8" ind2=" ">
            <marc:subfield code="b">elf1</marc:subfield>
            <marc:subfield code="h">Electronic Resource</marc:subfield>
        </marc:datafield>
    </marc:record>
</marc:collection>
